<record><leader>00000cas a2200000 a 4500</leader><controlfield tag="001">9689490</controlfield><controlfield tag="008">830711d18391942nyuwr ne      0    0eng c</controlfield><datafield ind1=" " ind2=" " tag="010"><subfield code="a">sn 83030853 </subfield></datafield><datafield ind1=" " ind2=" " tag="040"><subfield code="a">NPU</subfield><subfield code="b">eng</subfield><subfield code="c">NPU</subfield><subfield code="d">DLC</subfield><subfield code="d">NPX</subfield><subfield code="d">NYG</subfield><subfield code="d">NYS</subfield><subfield code="d">NVF</subfield><subfield code="d">NYS</subfield><subfield code="d">OCL</subfield><subfield code="d">KRTAS</subfield><subfield code="d">OCLCQ</subfield><subfield code="d">OCLCF</subfield><subfield code="d">OCLCO</subfield></datafield><datafield ind1="1" ind2=" " tag="029"><subfield code="a">AU@</subfield><subfield code="b">000025828722</subfield></datafield><datafield ind1=" " ind2=" " tag="042"><subfield code="a">pcc</subfield></datafield><datafield ind1=" " ind2=" " tag="043"><subfield code="a">n-us-ny</subfield></datafield><datafield ind1="0" ind2="0" tag="050"><subfield code="a">Newspaper 8829-X</subfield></datafield><datafield ind1="0" ind2="4" tag="245"><subfield code="a">The Delaware express.</subfield></datafield><datafield ind1=" " ind2=" " tag="260"><subfield code="a">Delhi, N.Y. :</subfield><subfield code="b">Norwood Bowne,</subfield><subfield code="c">1839-1942.</subfield></datafield><datafield ind1=" " ind2=" " tag="300"><subfield code="a">v. :</subfield><subfield code="b">ill. ;</subfield><subfield code="c">53-56 cm.</subfield></datafield><datafield ind1=" " ind2=" " tag="310"><subfield code="a">Weekly</subfield></datafield><datafield ind1="0" ind2=" " tag="362"><subfield code="a">Vol. 1, no. 1 (Jan. 30, 1839)-v. 104, no. 30 (July 24, 1942).</subfield></datafield><datafield ind1=" " ind2=" " tag="500"><subfield code="a">Publishers: Norwood Bowne, 1839-18&lt;62&gt;; A.M. Paine, &lt;1842&gt;; William Clark, &lt;1895&gt;; Arthur C. Wyer, &lt;1915&gt;; Delaware Express Co., &lt;1928&gt;.</subfield></datafield><datafield ind1=" " ind2=" " tag="500"><subfield code="a">Editors: Norwood Bowne, &lt;1841-1883&gt;; William Clark, &lt;1895&gt;; George S. Van Ryper, &lt;1941&gt;.</subfield></datafield><datafield ind1=" " ind2="0" tag="651"><subfield code="a">Delhi (N.Y.)</subfield><subfield code="v">Newspapers.</subfield></datafield><datafield ind1=" " ind2="0" tag="651"><subfield code="a">Delaware County (N.Y.)</subfield><subfield code="v">Newspapers.</subfield></datafield><datafield ind1=" " ind2="7" tag="655"><subfield code="a">Newspapers.</subfield><subfield code="2">fast</subfield><subfield code="0">(OCoLC)fst01423814</subfield></datafield><datafield ind1=" " ind2="7" tag="651"><subfield code="a">New York (State)</subfield><subfield code="z">Delaware County.</subfield><subfield code="2">fast</subfield><subfield code="0">(OCoLC)fst01210438</subfield></datafield><datafield ind1=" " ind2="7" tag="651"><subfield code="a">New York (State)</subfield><subfield code="z">Delhi.</subfield><subfield code="2">fast</subfield><subfield code="0">(OCoLC)fst01229056</subfield></datafield><datafield ind1=" " ind2=" " tag="752"><subfield code="a">United States</subfield><subfield code="b">New York</subfield><subfield code="c">Delaware</subfield><subfield code="d">Delhi.</subfield></datafield><datafield ind1="0" ind2="7" tag="785"><subfield code="t">Delaware Republican (Delhi, N.Y. : 1865)</subfield><subfield code="w">(DLC)sn 83030854</subfield><subfield code="w">(OCoLC)9689609</subfield></datafield><datafield ind1="0" ind2="7" tag="785"><subfield code="t">Delaware Republican-express</subfield><subfield code="w">(DLC)sn 84031838</subfield><subfield code="w">(OCoLC)11249863</subfield></datafield><datafield ind1=" " ind2=" " tag="938"><subfield code="a">Kirtas Technologies, Inc.</subfield><subfield code="b">KRTS</subfield><subfield code="n">737050</subfield></datafield></record>